<record><leader>00000cas a22000007a 4500</leader><controlfield tag="001">15722878</controlfield><controlfield tag="008">870521d19582010couwr ne      0    0eng d</controlfield><datafield ind1=" " ind2=" " tag="010"><subfield code="a">sn 90051757 </subfield></datafield><datafield ind1=" " ind2=" " tag="040"><subfield code="a">DPL</subfield><subfield code="b">eng</subfield><subfield code="c">DPL</subfield><subfield code="d">CNQ</subfield><subfield code="d">NST</subfield><subfield code="d">DLC</subfield><subfield code="d">OCLCF</subfield><subfield code="d">OCLCO</subfield></datafield><datafield ind1=" " ind2=" " tag="012"><subfield code="i">9209</subfield></datafield><datafield ind1="1" ind2=" " tag="029"><subfield code="a">AU@</subfield><subfield code="b">000025853625</subfield></datafield><datafield ind1=" " ind2=" " tag="042"><subfield code="a">msc</subfield></datafield><datafield ind1="0" ind2="0" tag="245"><subfield code="a">Huerfano world.</subfield></datafield><datafield ind1=" " ind2=" " tag="260"><subfield code="a">Walsenburg, Colo. :</subfield><subfield code="b">Consolidated Pub. Co.,</subfield></datafield><datafield ind1=" " ind2=" " tag="300"><subfield code="a">v.</subfield></datafield><datafield ind1=" " ind2=" " tag="310"><subfield code="a">Weekly</subfield></datafield><datafield ind1="0" ind2=" " tag="362"><subfield code="a">Vol. 71, no. 107 (June 6, 1958)-</subfield></datafield><datafield ind1=" " ind2=" " tag="530"><subfield code="a">Available on microfilm from the Colorado Historical Society.</subfield></datafield><datafield ind1=" " ind2=" " tag="580"><subfield code="a">Merged with: Huerfano journal to form: Huerfano world journal</subfield></datafield><datafield ind1=" " ind2="0" tag="651"><subfield code="a">Walsenburg (Colo.)</subfield><subfield code="v">Periodicals.</subfield></datafield><datafield ind1=" " ind2="7" tag="655"><subfield code="a">Periodicals.</subfield><subfield code="2">fast</subfield><subfield code="0">(OCoLC)fst01411641</subfield></datafield><datafield ind1=" " ind2="7" tag="651"><subfield code="a">Colorado</subfield><subfield code="z">Walsenburg.</subfield><subfield code="2">fast</subfield><subfield code="0">(OCoLC)fst01216616</subfield></datafield><datafield ind1=" " ind2=" " tag="752"><subfield code="a">United States</subfield><subfield code="b">Colorado</subfield><subfield code="c">Huerfano</subfield><subfield code="d">Walsenburg.</subfield></datafield><datafield ind1="0" ind2="0" tag="780"><subfield code="t">World-independent</subfield><subfield code="w">(DLC)sn 90051834</subfield></datafield><datafield ind1="1" ind2="7" tag="785"><subfield code="t">Huerfano journal</subfield></datafield><datafield ind1="1" ind2="7" tag="785"><subfield code="t">Huerfano world journal</subfield></datafield><datafield ind1=" " ind2=" " tag="850"><subfield code="a">CoU</subfield></datafield></record>